<?xml version="1.0" encoding="UTF-8"?>
<marc:collection xmlns:marc="http://www.loc.gov/MARC21/slim"
    xmlns:xsi="http://www.w3.org/2001/XMLSchema-instance"
    xsi:schemaLocation="http://www.loc.gov/MARC21/slim http://www.loc.gov/standards/marcxml/schema/MARC21slim.xsd">
    <marc:record>
        <marc:leader>02121cmm a2200457Ma 4500</marc:leader>
        <marc:controlfield tag="001">99151526560001452</marc:controlfield>
        <marc:controlfield tag="005">20231214213021.0</marc:controlfield>
        <marc:controlfield tag="007">cr cn|||||||||</marc:controlfield>
        <marc:controlfield tag="008">050617s2005    nyu    go  u        eng d</marc:controlfield>
        <marc:datafield tag="035" ind1=" " ind2=" ">
            <marc:subfield code="a">(OCoLC)439617283</marc:subfield>
        </marc:datafield>
        <marc:datafield tag="035" ind1=" " ind2=" ">
            <marc:subfield code="a">(OCoLC)ocn439617283</marc:subfield>
        </marc:datafield>
        <marc:datafield tag="035" ind1=" " ind2=" ">
            <marc:subfield code="a">(EXLNZ-01ALLIANCE_NETWORK)9999219540001451</marc:subfield>
        </marc:datafield>
        <marc:datafield tag="035" ind1=" " ind2=" ">
            <marc:subfield code="a">(01ALLIANCE_UW)99151526560001452</marc:subfield>
        </marc:datafield>
        <marc:datafield tag="040" ind1=" " ind2=" ">
            <marc:subfield code="a">B@L</marc:subfield>
            <marc:subfield code="b">eng</marc:subfield>
            <marc:subfield code="c">B@L</marc:subfield>
            <marc:subfield code="d">OCLCQ</marc:subfield>
            <marc:subfield code="d">OCLCF</marc:subfield>
            <marc:subfield code="d">OCLCO</marc:subfield>
            <marc:subfield code="d">OCL</marc:subfield>
            <marc:subfield code="d">OCLCQ</marc:subfield>
            <marc:subfield code="d">OCLCA</marc:subfield>
            <marc:subfield code="d">OCLCO</marc:subfield>
            <marc:subfield code="d">OCLCL</marc:subfield>
        </marc:datafield>
        <marc:datafield tag="049" ind1=" " ind2=" ">
            <marc:subfield code="a">MAIN</marc:subfield>
        </marc:datafield>
        <marc:datafield tag="050" ind1=" " ind2="4">
            <marc:subfield code="a">PR2755.C8</marc:subfield>
        </marc:datafield>
        <marc:datafield tag="082" ind1="0" ind2="4">
            <marc:subfield code="a">822.33</marc:subfield>
        </marc:datafield>
        <marc:datafield tag="245" ind1="0" ind2="4">
            <marc:subfield code="a">The Oxford Shakespeare /</marc:subfield>
            <marc:subfield code="c">edited by W.J. Craig ; Bartleby.com.</marc:subfield>
        </marc:datafield>
        <marc:datafield tag="246" ind1="1" ind2=" ">
            <marc:subfield code="i">Title in HTML source code:</marc:subfield>
            <marc:subfield code="a">Craig, W.J., ed. 1914 :</marc:subfield>
            <marc:subfield code="b">the Oxford Shakespeare</marc:subfield>
        </marc:datafield>
        <marc:datafield tag="256" ind1=" " ind2=" ">
            <marc:subfield code="a">Electronic data.</marc:subfield>
        </marc:datafield>
        <marc:datafield tag="260" ind1=" " ind2=" ">
            <marc:subfield code="a">[New York] :</marc:subfield>
            <marc:subfield code="b">Bartleby.com,</marc:subfield>
            <marc:subfield code="c">©2005.</marc:subfield>
        </marc:datafield>
        <marc:datafield tag="270" ind1=" " ind2=" ">
            <marc:subfield code="m">bartlebycom@aol.com</marc:subfield>
        </marc:datafield>
        <marc:datafield tag="520" ind1=" " ind2=" ">
            <marc:subfield code="a">Are you a fan of Shakespeare's works? This Web site is an online version of the Complete works of William Shakespeare. It features 37 plays, 154 sonnets, and miscellaneous verses that showcase the literary cornerstone of Western civilization.</marc:subfield>
        </marc:datafield>
        <marc:datafield tag="521" ind1=" " ind2=" ">
            <marc:subfield code="a">High School - Postsecondary.</marc:subfield>
        </marc:datafield>
        <marc:datafield tag="500" ind1=" " ind2=" ">
            <marc:subfield code="a">Title from title screen (viewed July 25, 2005).</marc:subfield>
        </marc:datafield>
        <marc:datafield tag="505" ind1="0" ind2=" ">
            <marc:subfield code="a">Plays -- Poetry.</marc:subfield>
        </marc:datafield>
        <marc:datafield tag="516" ind1=" " ind2=" ">
            <marc:subfield code="a">Text in HTML and JavaScript; images in GIF.</marc:subfield>
        </marc:datafield>
        <marc:datafield tag="538" ind1=" " ind2=" ">
            <marc:subfield code="a">Mode of access: World Wide Web.</marc:subfield>
        </marc:datafield>
        <marc:datafield tag="650" ind1=" " ind2="0">
            <marc:subfield code="a">English drama</marc:subfield>
            <marc:subfield code="y">Early modern and Elizabethan, 1500-1600.</marc:subfield>
        </marc:datafield>
        <marc:datafield tag="650" ind1=" " ind2="0">
            <marc:subfield code="a">English poetry</marc:subfield>
            <marc:subfield code="y">Early modern, 1500-1700.</marc:subfield>
        </marc:datafield>
        <marc:datafield tag="650" ind1=" " ind2="6">
            <marc:subfield code="a">Théâtre anglais</marc:subfield>
            <marc:subfield code="y">16e siècle.</marc:subfield>
        </marc:datafield>
        <marc:datafield tag="650" ind1=" " ind2="7">
            <marc:subfield code="a">English drama</marc:subfield>
            <marc:subfield code="x">Early modern and Elizabethan.</marc:subfield>
            <marc:subfield code="2">fast</marc:subfield>
            <marc:subfield code="0">(OCoLC)fst01710950</marc:subfield>
        </marc:datafield>
        <marc:datafield tag="650" ind1=" " ind2="7">
            <marc:subfield code="a">English poetry</marc:subfield>
            <marc:subfield code="x">Early modern.</marc:subfield>
            <marc:subfield code="2">fast</marc:subfield>
            <marc:subfield code="0">(OCoLC)fst01710963</marc:subfield>
        </marc:datafield>
        <marc:datafield tag="600" ind1="1" ind2="0">
            <marc:subfield code="a">Shakespeare, William,</marc:subfield>
            <marc:subfield code="d">1564-1616.</marc:subfield>
        </marc:datafield>
        <marc:datafield tag="600" ind1="1" ind2="7">
            <marc:subfield code="a">Shakespeare, William,</marc:subfield>
            <marc:subfield code="d">1564-1616.</marc:subfield>
            <marc:subfield code="2">fast</marc:subfield>
            <marc:subfield code="0">(OCoLC)fst00029048</marc:subfield>
            <marc:subfield code="1">https://id.oclc.org/worldcat/entity/E39PBJxx96qPfyhwWrJChP9kXd</marc:subfield>
        </marc:datafield>
        <marc:datafield tag="648" ind1=" " ind2="7">
            <marc:subfield code="a">1500-1700</marc:subfield>
            <marc:subfield code="2">fast</marc:subfield>
        </marc:datafield>
        <marc:datafield tag="710" ind1="2" ind2=" ">
            <marc:subfield code="a">Bartleby.com, Inc.</marc:subfield>
        </marc:datafield>
        <marc:datafield tag="700" ind1="1" ind2=" ">
            <marc:subfield code="a">Craig, W. J.</marc:subfield>
            <marc:subfield code="q">(William James),</marc:subfield>
            <marc:subfield code="d">1843-1906.</marc:subfield>
            <marc:subfield code="1">https://id.oclc.org/worldcat/entity/E39PBJgCR9jgvjDr9wCdqhxxDq</marc:subfield>
        </marc:datafield>
        <marc:datafield tag="856" ind1="4" ind2="0">
            <marc:subfield code="u">http://www.bartleby.com/70/</marc:subfield>
        </marc:datafield>
        <marc:datafield tag="978" ind1=" " ind2=" ">
            <marc:subfield code="a">.b43945181</marc:subfield>
            <marc:subfield code="9">LOCAL</marc:subfield>
        </marc:datafield>
        <marc:datafield tag="994" ind1=" " ind2=" ">
            <marc:subfield code="a">92</marc:subfield>
            <marc:subfield code="b">OCACL</marc:subfield>
        </marc:datafield>
    </marc:record>
</marc:collection>